<record><leader>00000cas a22000007a 4500</leader><controlfield tag="001">17613794</controlfield><controlfield tag="008">880311d18781880ohuwr ne      0    0eng d</controlfield><datafield ind1=" " ind2=" " tag="010"><subfield code="a">sn 88077308 </subfield></datafield><datafield ind1=" " ind2=" " tag="040"><subfield code="a">ONP</subfield><subfield code="b">eng</subfield><subfield code="c">ONP</subfield><subfield code="d">OCLCQ</subfield></datafield><datafield ind1=" " ind2=" " tag="042"><subfield code="a">msc</subfield></datafield><datafield ind1="0" ind2="4" tag="245"><subfield code="a">The Ripley times.</subfield></datafield><datafield ind1=" " ind2=" " tag="260"><subfield code="a">Ripley, Ohio :</subfield><subfield code="b">Newcomb &amp; Reynolds,</subfield><subfield code="c">-1880.</subfield></datafield><datafield ind1=" " ind2=" " tag="310"><subfield code="a">Weekly</subfield></datafield><datafield ind1="1" ind2=" " tag="362"><subfield code="a">Began with Nov. 25, 1878 issue?</subfield></datafield><datafield ind1="0" ind2=" " tag="362"><subfield code="a">-v. 5, no. 8 (May 5, 1880).</subfield></datafield><datafield ind1=" " ind2=" " tag="588"><subfield code="a">Description based on: Vol. 4, no. 34 (Nov. 4, 1879).</subfield></datafield><datafield ind1=" " ind2=" " tag="752"><subfield code="a">United States</subfield><subfield code="b">Ohio</subfield><subfield code="c">Brown</subfield><subfield code="d">Ripley.</subfield></datafield><datafield ind1="0" ind2="0" tag="780"><subfield code="t">Ohio Valley times</subfield><subfield code="w">(DLC)sn 83035327</subfield></datafield><datafield ind1="0" ind2="7" tag="785"><subfield code="t">Ripley bee (Ripley, Ohio : 1848)</subfield><subfield code="w">(DLC)sn 83035330</subfield></datafield><datafield ind1="0" ind2="7" tag="785"><subfield code="t">Ripley bee and times</subfield><subfield code="w">(DLC)sn 88077309</subfield></datafield></record>